@InProceedings{Naphade_2020_CVPR_Workshops,
author = {Naphade, Milind and Wang, Shuo and Anastasiu, David C. and Tang, Zheng and Chang, Ming-Ching and Yang, Xiaodong and Zheng, Liang and Sharma, Anuj and Chellappa, Rama and Chakraborty, Pranamesh},
title = {The 4th AI City Challenge},
booktitle = {Proceedings of the IEEE/CVF Conference on Computer Vision and Pattern Recognition (CVPR) Workshops},
month = {June},
year = {2020}
}

@inproceedings{wang2019exploit,
  title={Exploit the connectivity: Multi-object tracking with trackletnet},
  author={Wang, Gaoang and Wang, Yizhou and Zhang, Haotian and Gu, Renshu and Hwang, Jenq-Neng},
  booktitle={Proceedings of the 27th ACM International Conference on Multimedia},
  pages={482--490},
  year={2019}
}

@inproceedings{bewley2016simple,
  title={Simple online and realtime tracking},
  author={Bewley, Alex and Ge, Zongyuan and Ott, Lionel and Ramos, Fabio and Upcroft, Ben},
  booktitle={2016 IEEE international conference on image processing (ICIP)},
  pages={3464--3468},
  year={2016},
  organization={IEEE}
}
